<?xml version="1.0" encoding="UTF-8"?><record xmlns="http://www.loc.gov/MARC21/slim" xmlns:cinclude="http://apache.org/cocoon/include/1.0" xmlns:zs="http://www.loc.gov/zing/srw/">
  <leader>00714cz  a2200181n  4500</leader>
  <controlfield tag="001">nr 91031400 </controlfield>
  <controlfield tag="003">DLC</controlfield>
  <controlfield tag="005">20081105081650.0</controlfield>
  <controlfield tag="008">910827nc acannaabn          |b aaa      </controlfield>
  <datafield tag="010" ind1=" " ind2=" ">
    <subfield code="a">nr 91031400 </subfield>
  </datafield>
  <datafield tag="035" ind1=" " ind2=" ">
    <subfield code="a">(OCoLC)oca03017038</subfield>
  </datafield>
  <datafield tag="040" ind1=" " ind2=" ">
    <subfield code="a">DLC-R</subfield>
    <subfield code="b">eng</subfield>
    <subfield code="c">DLC-R</subfield>
    <subfield code="d">OCoLC</subfield>
  </datafield>
  <datafield tag="100" ind1="1" ind2=" ">
    <subfield code="a">Zhou, Zhongming,</subfield>
    <subfield code="d">1934-</subfield>
  </datafield>
  <datafield tag="400" ind1="1" ind2=" ">
    <subfield code="w">nne</subfield>
    <subfield code="a">Chou, Chung-ming,</subfield>
    <subfield code="d">1934-</subfield>
  </datafield>
  <datafield tag="400" ind1="1" ind2=" ">
    <subfield code="a">周中明,</subfield>
    <subfield code="d">1934-</subfield>
  </datafield>
  <datafield tag="667" ind1=" " ind2=" ">
    <subfield code="a">Machine-derived non-Latin script reference project.</subfield>
  </datafield>
  <datafield tag="667" ind1=" " ind2=" ">
    <subfield code="a">Non-Latin script reference not evaluated.</subfield>
  </datafield>
  <datafield tag="670" ind1=" " ind2=" ">
    <subfield code="a">His Chung-kuo ti hsiao shuo i shu, 1990:</subfield>
    <subfield code="b">t.p. (Chou Chung-ming) vita (Chou Chung-ming, b. 1934, native of Chiang-su Yang-chung hsien; prof. of An-hui ta hsüeh Chung-kuo yü yen wen hsüeh hsi)</subfield>
  </datafield>
</record>